@article{https://doi.org/10.1111/j.1949-8594.1961.tb08220.x,
author = {Spence, John L.},
title = {Periodic Absolute Value Functions},
journal = {School Science and Mathematics},
volume = {61},
number = {9},
pages = {664-666},
doi = {https://doi.org/10.1111/j.1949-8594.1961.tb08220.x},
url = {https://onlinelibrary.wiley.com/doi/abs/10.1111/j.1949-8594.1961.tb08220.x},
eprint = {https://onlinelibrary.wiley.com/doi/pdf/10.1111/j.1949-8594.1961.tb08220.x},
year = {1961}
}

